<record><leader>00000cas a2200000 a 4500</leader><controlfield tag="001">23226900</controlfield><controlfield tag="008">910311d193019uuilumr ne      0   a0eng c</controlfield><datafield ind1=" " ind2=" " tag="010"><subfield code="a">sn 91066061 </subfield></datafield><datafield ind1=" " ind2=" " tag="040"><subfield code="a">NYS</subfield><subfield code="b">eng</subfield><subfield code="c">NYS</subfield><subfield code="d">NVF</subfield><subfield code="d">OCLCQ</subfield><subfield code="d">OCLCF</subfield><subfield code="d">OCLCO</subfield><subfield code="d">NVF</subfield></datafield><datafield ind1=" " ind2=" " tag="042"><subfield code="a">pcc</subfield></datafield><datafield ind1=" " ind2=" " tag="043"><subfield code="a">n-us-il</subfield></datafield><datafield ind1="0" ind2="0" tag="245"><subfield code="a">Public service leader.</subfield></datafield><datafield ind1="1" ind2="3" tag="246"><subfield code="a">Public service leader and Illinois Jeffersonian</subfield></datafield><datafield ind1=" " ind2=" " tag="260"><subfield code="a">Berwyn, Ill. :</subfield><subfield code="b">Public Service Leader Pub. Co.</subfield></datafield><datafield ind1="3" ind2=" " tag="260"><subfield code="3">&lt;Apr.-Nov. 1954&gt;</subfield><subfield code="a">Chicago, Ill.</subfield></datafield><datafield ind1=" " ind2=" " tag="300"><subfield code="a">v.</subfield></datafield><datafield ind1=" " ind2=" " tag="310"><subfield code="a">Monthly,</subfield><subfield code="b">&lt;Dec. 1950-Nov. 1954&gt;</subfield></datafield><datafield ind1=" " ind2=" " tag="321"><subfield code="a">Semimonthly,</subfield><subfield code="b">&lt;June 27, 1932-Nov. 20, 1934&gt;</subfield></datafield><datafield ind1=" " ind2=" " tag="321"><subfield code="a">Monthly,</subfield><subfield code="b">&lt;Dec. 21, 1937&gt;</subfield></datafield><datafield ind1=" " ind2=" " tag="321"><subfield code="a">Bimonthly,</subfield><subfield code="b">&lt;Apr. 6-Sept. 29, 1944&gt;</subfield></datafield><datafield ind1="1" ind2=" " tag="362"><subfield code="a">Began in 1930?</subfield></datafield><datafield ind1=" " ind2=" " tag="588"><subfield code="a">Description based on: Vol. 3, no. 18 (June 27, 1932).</subfield></datafield><datafield ind1=" " ind2=" " tag="588"><subfield code="a">Latest issue consulted: Nov. 1954.</subfield></datafield><datafield ind1=" " ind2="0" tag="651"><subfield code="a">Berwyn (Ill.)</subfield><subfield code="v">Newspapers.</subfield></datafield><datafield ind1=" " ind2="0" tag="651"><subfield code="a">Chicago (Ill.)</subfield><subfield code="v">Newspapers.</subfield></datafield><datafield ind1=" " ind2="7" tag="651"><subfield code="a">Illinois</subfield><subfield code="z">Berwyn.</subfield><subfield code="2">fast</subfield><subfield code="0">(OCoLC)fst01217727</subfield></datafield><datafield ind1=" " ind2="7" tag="651"><subfield code="a">Illinois</subfield><subfield code="z">Chicago.</subfield><subfield code="2">fast</subfield><subfield code="0">(OCoLC)fst01204048</subfield></datafield><datafield ind1=" " ind2="7" tag="655"><subfield code="a">Newspapers.</subfield><subfield code="2">fast</subfield><subfield code="0">(OCoLC)fst01423814</subfield></datafield><datafield ind1=" " ind2=" " tag="752"><subfield code="a">United States</subfield><subfield code="b">Illinois</subfield><subfield code="c">Cook County</subfield><subfield code="d">Berwyn.</subfield></datafield><datafield ind1=" " ind2=" " tag="752"><subfield code="a">United States</subfield><subfield code="b">Illinois</subfield><subfield code="c">Cook County</subfield><subfield code="d">Chicago.</subfield></datafield><datafield ind1="1" ind2=" " tag="029"><subfield code="a">AU@</subfield><subfield code="b">000025902457</subfield></datafield></record>